@article{de2012harmonia,
  title={Da harmonia pela harmonia: sobre formalismo e seus impactos na ideia de harmonia funcional},
  author={de Freitas, S{\'e}rgio Paulo Ribeiro},
  journal={Revista do Conservat{\'o}rio de M{\'u}sica},
  number={5},
  year={2012}
}
